@article{Bylander2017,
author = {Bylander, J},
journal = {The Oxford Handbook of Small Superconductors. First Edition.},
pages = {525},
title = {{Superconducting Quantum Bits of Information - Coherence and Design Improvements}},
volume = {1},
year = {2017}
}


@article{Siddiqi2011,
author = {Siddiqi, I},
journal = {Supercond. Sci. Technol.},
number = {9},
pages = {091002},
title = {{Superconducting qubits: poised for computing?}},
volume = {24},
year = {2011}
}

@article{Oliver2013,
author = {Oliver, William D. and Welander, Paul B.},
journal = {MRS Bull.},
number = {10},
pages = {816--825},
title = {Materials in superconducting quantum bits},
volume = {38},
year = {2013}
}



@article{khalil2011,
  title={Loss dependence on geometry and applied power in superconducting coplanar resonators},
  author={Khalil, Moe S and Wellstood, FC and Osborn, Kevin D},
  journal={IEEE Transactions on Applied Superconductivity},
  volume={21},
  number={3},
  pages={879--882},
  year={2011},
  publisher={IEEE}
}

@article{sandberg2012,
  title={Etch induced microwave losses in titanium nitride superconducting resonators},
  author={Sandberg, Martin and Vissers, Michael R and Kline, Jeffrey S and Weides, Martin and Gao, Jiansong and Wisbey, David S and Pappas, David P},
  journal={Applied Physics Letters},
  volume={100},
  number={26},
  pages={262605},
  year={2012},
  publisher={AIP}
}

@article{Barends2010,
  title={Minimal resonator loss for circuit quantum electrodynamics},
  author={Barends, Rami and Vercruyssen, N and Endo, A and De Visser, PJ and Zijlstra, T and Klapwijk, TM and Diener, P and Yates, SJC and Baselmans, JJA},
  journal={Applied Physics Letters},
  volume={97},
  number={2},
  pages={023508},
  year={2010},
  publisher={AIP}
}

@article{wendin2016,
  title={Quantum information processing with superconducting circuits: a review},
  author={Wendin, G},
  journal={arXiv preprint arXiv:1610.02208},
  year={2016}
}


@article{Barends2011,
  title={Minimizing quasiparticle generation from stray infrared light in superconducting quantum circuits},
  author={Barends, Rami and Wenner, James and Lenander, Michael and Chen, Yu and Bialczak, Radoslaw C and Kelly, Julian and Lucero, Erik and O’Malley, Peter and Mariantoni, Matteo and Sank, Daniel and others},
  journal={Applied Physics Letters},
  volume={99},
  number={11},
  pages={113507},
  year={2011},
  publisher={AIP}
}


@article{Chiaro2016,
author={Chiaro, B and Megrant, A and Dunsworth, A and Chen, Z and Barends, R and Campbell, B and Chen, Y and Fowler, A and Hoi, IC and Jeffrey, E and others},
title = {{Dielectric surface loss in superconducting resonators with flux-trapping holes}},
year = {2016}
}

@article{Goetz2016,
  title={Loss mechanisms in superconducting thin film microwave resonators},
  author={Goetz, Jan and Deppe, Frank and Haeberlein, Max and Wulschner, Friedrich and Zollitsch, Christoph W and Meier, Sebastian and Fischer, Michael and Eder, Peter and Xie, Edwar and Fedorov, Kirill G and others},
  journal={Journal of Applied Physics},
  volume={119},
  number={1},
  pages={015304},
  year={2016},
  publisher={AIP Publishing}
}

@article{santavicca2008,
  title={Impedance-matched low-pass stripline filters},
  author={Santavicca, DF and Prober, DE},
  journal={Measurement Science and Technology},
  volume={19},
  number={8},
  pages={087001},
  year={2008},
  publisher={IOP Publishing}
}

@article{faoro2012,
  title={Internal loss of superconducting resonators induced by interacting two-level systems},
  author={Faoro, Lara and Ioffe, Lev B},
  journal={Physical review letters},
  volume={109},
  number={15},
  pages={157005},
  year={2012},
  publisher={APS}
}

@article{Bruno2015,
Author = {A. Bruno and G. de Lange and S. Asaad and K. L. van der Enden and N. K. Langford and L. DiCarlo},
Title = {Reducing intrinsic loss in superconducting resonators by surface treatment and deep etching of silicon substrates},
Year = {2015},
Eprint = {arXiv:1502.04082},
Howpublished = {Appl. Phys. Lett. 106, 182601 (2015)},
}

@book{Schmitt2002,
  title={Electromagnetics Explained: A Handbook for Wireless/ RF, EMC, and High-Speed Electronics},
  author={Schmitt, R.},
  series={EDN Series for Design Engineers},
  year={2002},
  publisher={Elsevier Science}
}


@article{Eckstein2013,
author = {Eckstein, James N. and Levy, Jeremy},
journal = {MRS Bull.},
keywords = {materials,quantum computing,review},
number = {10},
pages = {783--789},
title = {{Materials issues for quantum computation}},
volume = {38},
year = {2013}
}

@article{feynman1982,
  title={Simulating physics with computers},
  author={Feynman, Richard P},
  journal={Int. J. Theor. Phys.},
  volume={21},
  number={6},
  pages={467--488},
  year={1982},
  publisher={Springer}
}

@article{pappas2011two,
  title={Two level system loss in superconducting microwave resonators},
  author={Pappas, David P and Vissers, Michael R and Wisbey, David S and Kline, Jeffrey S and Gao, Jiansong},
  journal={IEEE Transactions on Applied Superconductivity},
  volume={21},
  number={3},
  pages={871--874},
  year={2011},
  publisher={IEEE}
}

@article{tholen2007,
author = {Erik A. Tholén and Adem Ergül and Evelyn M. Doherty and Frank M. Weber and Fabien Grégis and David B. Haviland},
title = {Nonlinearities and parametric amplification in superconducting coplanar waveguide resonators},
journal = {Applied Physics Letters},
volume = {90},
number = {25},
pages = {253509},
year = {2007}
}

@article{quant-sim,
 author = {Iulia Buluta and Franco Nori},
 journal = {Science},
 number = {5949},
 pages = {108-111},
 publisher = {American Association for the Advancement of Science},
 title = {Quantum Simulators},
 volume = {326},
 year = {2009}
}

@article{uni-quant,
 author = {Seth Lloyd},
 journal = {Science},
 number = {5278},
 pages = {1073-1078},
 publisher = {American Association for the Advancement of Science},
 title = {Universal Quantum Simulators},
 volume = {273},
 year = {1996}
}

@article{applications,
  title = {Quantum simulation},
  author = {Georgescu, I. M. and Ashhab, S. and Nori, Franco},
  journal = {Rev. Mod. Phys.},
  volume = {86},
  issue = {1},
  pages = {153--185},
  numpages = {33},
  year = {2014},
  month = {Mar},
  publisher = {American Physical Society}
}

@article{shor,
author={Shor, Peter W.},
year={1997},
title={Polynomial-time algorithms for prime factorization and discrete logarithms on a quantum computer},
journal={SIAM J. Comput.},
volume={26},
number={5},
pages={1484-1509}
}

@phdthesis{Gao2008,
  title={The physics of superconducting microwave resonators},
  author={Gao, Jiansong},
  year={2008},
  school={California Institute of Technology}
}

@article{Probst2015,
  title={Efficient and robust analysis of complex scattering data under noise in microwave resonators},
  author={Probst, S and Song, FB and Bushev, PA and Ustinov, AV and Weides, M},
  journal={Review of Scientific Instruments},
  volume={86},
  number={2},
  pages={024706},
  year={2015},
  publisher={AIP Publishing}
}

@misc{Boehme2016,
author={Boehme, Thijs},
title={Characterisation and optimisation of superconducting microwave resonators},
publisher={Institutionen för mikroteknologi och nanovetenskap, Kvantkomponentfysik, Chalmers tekniska högskola,},
place={Göteborg},
year={2016},
keywords={superconducting resonators}
}

@article{Krantz2015,
author={Krantz,Philip and Bengtsson,Andreas and Simoen,Michaël and Gustavsson,Simon and Shumeiko,Vitaly and Oliver,W. D. and Wilson,C. M. and Delsing,Per and Bylander,Jonas},
year={2015},
title={Single-shot Readout of a Superconducting Qubit using a Josephson Parametric Oscillator},
journal={Nat. Commun.},
volume={7},
pages={11417}
}

@book{Hadfield2016,
author={Hadfield,Robert H. and Johansson,Göran},
year={2016},
title={Superconducting Devices in Quantum Optics},
publisher={Springer International Publishing},
address={Cham}
}


@book{Kittel2005,
author={Kittel, Charles},
year={2005},
title={Introduction to Solid State Physics},
publisher={John Wiley & Sons, Inc},
edition={Eighth editon}
}

@article{You2011,
author={You, J. Q. and Nori, Franco},
title={Atomic physics and quantum optics using superconducting circuits},
journal={Nature},
year={2011},
month={Jun},
day={30},
volume={474},
number={7353},
pages={589-597}
}

@inproceedings{jaroszynski2008,
  title={Introduction to quantum computing},
  author={Jaroszy{\'n}ski, Leszek},
  booktitle={9th Seminar Applications of Superconductors},
  pages={53--54},
  year={2008}
}

@book{cheng,
title={Field and Wave Electromagnetics},
author={David K. Cheng},
publisher={Pearson},
edition={Second edition}
}

@article{Chernov2005,
author={Chernov, N.
and Lesort, C.},
title={Least Squares Fitting of Circles},
journal={Journal of Mathematical Imaging and Vision},
year={2005},
volume={23},
number={3},
pages={239--252}
}

@article{BCStheory,
  title={Theory of superconductivity},
  author={Bardeen, John and Cooper, Leon N and Schrieffer, John Robert},
  journal={Physical Review},
  volume={108},
  number={5},
  pages={1175},
  year={1957},
  publisher={APS}
}

@manual{stycast,
    organization  = "Emerson \& Cuming",
    title         = "Stycast 1266 A/B",
    year          =  "2003"   
}

@manual{Eccosorb,
    organization  = "Emerson \& Cuming",
    title         = "Ecosorb CR",
    year          =  "2008"
}